<?xml version="1.0" encoding="UTF-8"?><collection xmlns="http://www.loc.gov/MARC21/slim"><record><leader>00533nam--2200157-i-4500</leader><controlfield tag="001">000005386</controlfield><controlfield tag="002">20161230</controlfield><controlfield tag="005">20170304182400</controlfield><controlfield tag="008">060222s1000------------r-----000-0-eng-d</controlfield><datafield ind1=" " ind2=" " tag="100"><subfield code="a">Byerly, W. E</subfield></datafield><datafield ind1=" " ind2=" " tag="245"><subfield code="a">An elelmentary treatise on fourier s series and spherical, cylindrical and ellipsoidal harmonics with applications to problems in mathematical physics</subfield></datafield><datafield ind1=" " ind2=" " tag="260"><subfield code="a">New York</subfield><subfield code="b">Dover Publications, Inc</subfield><subfield code="c">1959</subfield></datafield><datafield ind1=" " ind2=" " tag="300"><subfield code="a">287 p</subfield></datafield><datafield ind1=" " ind2=" " tag="490"><subfield code="a">Dover Books On Mathematics</subfield></datafield><datafield ind1=" " ind2=" " tag="852"><subfield code="a">15908</subfield><subfield code="c">517.5</subfield></datafield><datafield ind1=" " ind2=" " tag="CAT"><subfield code="a">SYS</subfield><subfield code="c">20170304</subfield><subfield code="h">182400</subfield></datafield></record></collection>